
@book{Boolos1993,
  title = {The Logic of Provability},
  author = {Boolos, George},
  year = {1993},
  publisher = {{Cambridge University Press}},
  address = {{Cambridge}}
}

@incollection{Godel1951,
  title = {Some Basic Theorems on the Foundations of Mathematics and Their Implications},
  booktitle = {Kurt G\"odel: Collected {{Works}}},
  author = {G{\"o}del, Kurt},
  editor = {Solomon Feferman and others},
  year = {1995},
  volume = {3},
  pages = {304--323},
  publisher = {{Oxford University Press}},
  address = {{New York and Oxford}},
  collaborator = {G{\"o}del, Kurt}
}

@article{Tarski1969,
  title = {Truth and Proof},
  author = {Tarski, Alfred},
  year = {1969},
  volume = {220},
  pages = {63--77},
  url = {https://www.jstor.org/stable/24926385},
  journal = {Scientific American},
  number = {6}
}


